<record><leader>00000cas a22000007a 4500</leader><controlfield tag="001">26731330</controlfield><controlfield tag="008">921006d19301931ncudn ne      0    0eng d</controlfield><datafield ind1=" " ind2=" " tag="010"><subfield code="a">sn 92073202 </subfield></datafield><datafield ind1=" " ind2=" " tag="040"><subfield code="a">NVJ</subfield><subfield code="b">eng</subfield><subfield code="c">NVJ</subfield><subfield code="d">OCLCQ</subfield></datafield><datafield ind1=" " ind2=" " tag="042"><subfield code="a">msc</subfield></datafield><datafield ind1="0" ind2="4" tag="245"><subfield code="a">The Concord daily tribune and the Concord times.</subfield></datafield><datafield ind1=" " ind2=" " tag="260"><subfield code="a">Concord, N.C. :</subfield><subfield code="b">John B. Sherrill</subfield></datafield><datafield ind1=" " ind2=" " tag="300"><subfield code="a">v.</subfield></datafield><datafield ind1=" " ind2=" " tag="310"><subfield code="a">Daily (except Sunday)</subfield></datafield><datafield ind1="0" ind2=" " tag="362"><subfield code="a">Vol. 30, no. 209 (Sept. 1, 1930)-v. 31, no. 187 (Dec. 4, 1931).</subfield></datafield><datafield ind1=" " ind2=" " tag="752"><subfield code="a">United States</subfield><subfield code="b">North Carolina</subfield><subfield code="c">Cabarrus</subfield><subfield code="d">Concord.</subfield></datafield><datafield ind1="0" ind2="4" tag="780"><subfield code="t">Concord daily tribune (Concord, N.C. : 1910)</subfield><subfield code="w">(DLC)sn 92073201</subfield></datafield><datafield ind1="0" ind2="4" tag="780"><subfield code="t">Concord times</subfield><subfield code="w">(DLC)sn 91068271</subfield></datafield><datafield ind1="0" ind2="0" tag="785"><subfield code="t">Concord daily tribune (Concord, N.C. : 1931)</subfield><subfield code="w">(DLC)sn 92073173</subfield></datafield></record>